<?xml version="1.0" encoding="UTF-8"?><collection><record><leader>08335ntm a2200661 a 4500</leader><controlfield tag="001">006305637</controlfield><controlfield tag="003">MiAaHDL</controlfield><controlfield tag="005">20190719000000.0</controlfield><controlfield tag="006">m        d        </controlfield><controlfield tag="007">cr bn ---auaua</controlfield><controlfield tag="008">090417s1615    xx            00| ||ara d</controlfield><datafield tag="035" ind1=" " ind2=" "><subfield code="a">(MiU)006305637</subfield></datafield><datafield tag="035" ind1=" " ind2=" "><subfield code="a">sdr-miu006305637</subfield></datafield><datafield tag="040" ind1=" " ind2=" "><subfield code="a">MiU</subfield><subfield code="c">MiU</subfield><subfield code="e">amremm</subfield></datafield><datafield tag="043" ind1=" " ind2=" "><subfield code="a">n-us-mi</subfield></datafield><datafield tag="100" ind1="0" ind2=" "><subfield code="6">880-01</subfield><subfield code="a">Vankulu Mehmet Efendi,</subfield><subfield code="d">-1592.</subfield></datafield><datafield tag="245" ind1="1" ind2="3"><subfield code="6">880-02</subfield><subfield code="a">al-Taʻlīqāt al-mutaʻallaqah bi-Durar al-ḥukkām fī sharḥ Ghurar al-aḥkām,</subfield><subfield code="f">[1024, i.e. 1615].</subfield></datafield><datafield tag="246" ind1="3" ind2=" "><subfield code="6">880-03</subfield><subfield code="i">Title from inscription on front flyleaf and tail edge of textblock:</subfield><subfield code="a">Wānī ʻalá al-Durar</subfield></datafield><datafield tag="260" ind1=" " ind2=" "><subfield code="c">[1615]</subfield></datafield><datafield tag="300" ind1=" " ind2=" "><subfield code="a">232 leaves</subfield><subfield code="b">paper ;</subfield><subfield code="c">205 x 145 (170 x 85) mm.</subfield></datafield><datafield tag="500" ind1=" " ind2=" "><subfield code="a">Shelfmark: Ann Arbor, University of Michigan, Special Collections Library, Isl. Ms. 87</subfield></datafield><datafield tag="500" ind1=" " ind2=" "><subfield code="a">Origin: As appears in colophon on p.475, composition finished 1st of Muḥarram 995 [ca. 12 December 1586]. This copy prepared by Muṣṭafá ibn Aḥmad, with transcription ("istinsākh") finished in the middle of Dhū al-Qaʻdah 1024 [November 1615].</subfield></datafield><datafield tag="500" ind1=" " ind2=" "><subfield code="a">Former shelfmark: British Museum, London "No. 46. Durar al-hukkam."</subfield></datafield><datafield tag="500" ind1=" " ind2=" "><subfield code="a">Binding: Pasteboards covered in light brown leather ; Type II binding (with flap, though now missing) ; doublures of fine combed marbled paper in pink, orange, blue and white ; upper and lower covers bear blind-stamped central mandorla with design comprable to Déroche class. OSv 1 and simple tooled rule border ; label on upper cover has only been partially removed ; sewn in cream thread, two stations ; endbands in blue and yellow (?) nearly lost ; in fair condition with flap missing, much abrasion and staining, and losses to endbands.</subfield></datafield><datafield tag="500" ind1=" " ind2=" "><subfield code="a">Support: European laid paper with laid lines running vertically spaced roughly 10 laid lines per cm. and chain lines running horizontally spaced 29 mm. apart ; lightly sized and burnished ; watermarks include anchor in circle with trefoil above (compare Heawood 2), crown with 6-pointed star above (similar to Heawood 1131), and "BG" with trefoil above countermark ; quire beginning at p.357 appears to be on a thinner European laid paper with crossbow in circle watermark.</subfield></datafield><datafield tag="500" ind1=" " ind2=" "><subfield code="a">Decoration: Textual dividers in the form of inverted commas ; text rubricated with keywords (اما بعد، قوله، الخ), section headings, overlining, textual dividers, etc. in red.</subfield></datafield><datafield tag="500" ind1=" " ind2=" "><subfield code="a">Script: Naskh ; fine Turkish hand ; highly seriffed with right-sloping wedge-shaped head serif on nearly every shaft ; highly ligatured ; slight effect of tilt to the left ; often strong effect of descenders slanting sharply down to the left and of words descending to baseline (see p.306-316, p.323-33, etc.) though varies ; kāf mashkūlah preferred (even final kāf) ; line thickness and tendency to slant, descent to baseline, etc. vary but appears to have been supplied by the same copyist throughout.</subfield></datafield><datafield tag="500" ind1=" " ind2=" "><subfield code="a">Layout: Written mainly in 23 lines per page ; frame-ruled.</subfield></datafield><datafield tag="500" ind1=" " ind2=" "><subfield code="a">Collation: i, VI(12), 22 V(232), i ; chiefly quinions ; catchwords present ; pagination in pencil, Western numerals, supplied during digitization (final count off by 12 pages - skips 234 and from 249 to 258).</subfield></datafield><datafield tag="500" ind1=" " ind2=" "><subfield code="a">Dedication: Composed by al-Wānī for his son, Pīr Muḥammad ibn Muḥammad al-Wānī (see opening on fol.4b/p.10).</subfield></datafield><datafield tag="500" ind1=" " ind2=" "><subfield code="a">Colophon: "Authorial" followed by "scribal," triangular, reads: "هذا اخر ما يسر الله تعالى بلطفه الرباني لاضعف عباده محمد الواني قول [؟] من التعليقات المتعلقة بدرر الحكام في شرح غرر الاحكام الواقع في غرة شهر محرم الحرام من شور سنة خمس وتسعين وتسعمائة في الهجرة النبوية المصطفوية والحمد لله سبحانه اولا واخرا والصلوة على نبيه محمد واله وصحبه اجمعين واستنسخه[؟] الفقير الى الله المتين مصطفى بن احمد غفر الله لهما ولوالديهما لجميع المؤمنين والمؤمنات افاض الله انارة البر [؟] ومد الله ظله الظليل علينا في اواسط شهر ذي القعدة الشريفة سنة اربع وعشرين والف</subfield></datafield><datafield tag="500" ind1=" " ind2=" "><subfield code="a">Explicit: "ان يكون الموصي كما المشتري منه [؟] بالنظر الى الموصي له فان الاقالة بيع حتى الثالث"</subfield></datafield><datafield tag="500" ind1=" " ind2=" "><subfield code="a">Incipit: "الحمد لله رب العالمين والصلوة على سيد المرسلين محمد واله وصحبه اجمعين اما بعد فقد قال صاحب الدرر في صدر كتابه او الاستعانة ... [al-Wānī ʻalá al-Durar] الحمد لوليه والصلوة على نبيه اما بعد فلما قراى علي الولد الاعز اعنى به موهبة [؟] الله تعالى من لطفه الرباني پير محمد بن محمد الواني كتاب الدرر والغرر درسا فدرسا حررت ما لاح في قلبي وجال في خلدي شيئا فشيئا ..."</subfield></datafield><datafield tag="500" ind1=" " ind2=" "><subfield code="a">Title from colophon on p.475.</subfield></datafield><datafield tag="500" ind1=" " ind2=" "><subfield code="a">Ms. codex.</subfield></datafield><datafield tag="505" ind1="0" ind2=" "><subfield code="a">4. fol.232b : [blank].</subfield></datafield><datafield tag="505" ind1="0" ind2=" "><subfield code="a">3. fol.4b-fol.232a : al-Taʻlīqāt al-mutaʻallaqah bi-Durar al-ḥukkām fī sharḥ Ghurar al-aḥkām / Muḥammad ibn Muṣṭafá al-Wānī, al-shahīr bi-Wānqūlī.</subfield></datafield><datafield tag="505" ind1="0" ind2=" "><subfield code="a">2. fol.4a : [blank].</subfield></datafield><datafield tag="505" ind1="0" ind2=" "><subfield code="a">1. fol.1b-fol.3b : [opening passage on the preface of the Durar, etc.].</subfield></datafield><datafield tag="510" ind1="4" ind2=" "><subfield code="a">Witkam, Jan Just. Inventory of the Oriental manuscripts of the Library of the University of Leiden. Leiden, 2007.</subfield><subfield code="c">p.12 (Or.12.009)</subfield></datafield><datafield tag="510" ind1="4" ind2=" "><subfield code="a">Menzel, Th. "Wānḳuli̊ , Meḥmed b. Muṡṭafā al- Wānī." EI2,</subfield><subfield code="c">vol. XI, p. 138, col. 1</subfield></datafield><datafield tag="510" ind1="4" ind2=" "><subfield code="a">Brockelmann, C. GAL,</subfield><subfield code="c">II, 226 ; II, 444 ; SII, 660</subfield></datafield><datafield tag="520" ind1="8" ind2=" "><subfield code="a">Fine copy of the gloss (possibly also entitled Naqd al-Durar) by Vankuli Mehmet Efendi (Muḥammad ibn Muṣṭafá al-Wānī, al-shahīr bi-Wānqūlī, d.1000/1592) on the Durar al-ḥukkām, the commentary by Molla Hüsrev (Muḥammad ibn Farāmurz, d.885/1480) on his Ghurar al-aḥkām, on principles of legal practice. Preceded by a brief passage discussing topics from the preface of the Durar, Hāshiyat al-Jurjānī ʻalá al-Kashshāf, etc.</subfield></datafield><datafield tag="538" ind1=" " ind2=" "><subfield code="a">Mode of access: Internet.</subfield></datafield><datafield tag="541" ind1=" " ind2=" "><subfield code="c">Purchase ;</subfield><subfield code="a">Acquired by purchase along with Abdul Hamid Collection (funds donated by Horace Rackham).</subfield><subfield code="d">1924.</subfield></datafield><datafield tag="546" ind1=" " ind2=" "><subfield code="a">Arabic.</subfield></datafield><datafield tag="561" ind1=" " ind2=" "><subfield code="a">Bookplate of British Museum, London on inner front cover,"British Museum, London. No. 46. Durar al-hukkam." ; circular seal impression with figure of goat/gazelle in purple ink as well as inscription "364" in Western numerals on front flyleaf ; ownership statement on p.3 "انتقل الى ملك العبد الفقير الطفه [؟] ربه القدير محمد ...[؟] المدعو بحاجى ملا زاده نال في الدارين ما اراده" ; circular seal impression (waqf-seal) on p.475 seemingly dated 1289 [1872 or 3] for the library (كتابخانه / kitābkhānah / kütüphane) of Mīr Ḥājjī ʻAlī Rāshid Arzanjānī (Mir Hacı Ali Raşit Erzincani) reads "وقفت هذا الكتاب كتبخانه مير حاجى على [راشد] ارزنجانى" ; numerous marginal corrections and glosses as well as indication "خلل الناسخ" (see p.195, etc.) ; a few collation marks visible (see p.28).</subfield></datafield><datafield tag="600" ind1="0" ind2="0"><subfield code="6">880-04</subfield><subfield code="a">Hüsrev,</subfield><subfield code="c">Molla,</subfield><subfield code="d">-1480.</subfield><subfield code="t">Durar al-ḥukkām.</subfield></datafield><datafield tag="650" ind1=" " ind2="0"><subfield code="a">Manuscripts, Arabic</subfield><subfield code="z">Michigan</subfield><subfield code="z">Ann Arbor.</subfield></datafield><datafield tag="650" ind1=" " ind2="0"><subfield code="a">Hanafites</subfield><subfield code="v">Early works to 1800.</subfield></datafield><datafield tag="650" ind1=" " ind2="0"><subfield code="a">Islamic law</subfield><subfield code="v">Early works to 1800.</subfield></datafield><datafield tag="700" ind1="0" ind2=" "><subfield code="6">880-05</subfield><subfield code="a">Muṣṭafá ibn Aḥmad,</subfield><subfield code="d">fl. 1615,</subfield><subfield code="e">scribe.</subfield></datafield><datafield tag="773" ind1="0" ind2=" "><subfield code="a">Tiflis Collection.</subfield></datafield><datafield tag="880" ind1="0" ind2=" "><subfield code="6">700-05/</subfield><subfield code="a">مصطفى بن احمد,</subfield><subfield code="e">ناسخ.</subfield></datafield><datafield tag="880" ind1="0" ind2="0"><subfield code="6">600-04/</subfield><subfield code="a">خسرو،</subfield><subfield code="c">ملا.</subfield><subfield code="t">درر الحكام.</subfield></datafield><datafield tag="880" ind1="3" ind2=" "><subfield code="6">246-03/</subfield><subfield code="a">وانى على الدرر</subfield></datafield><datafield tag="880" ind1="1" ind2="2"><subfield code="6">245-02/</subfield><subfield code="a">التعليقات المتعلقة بدرر الحكام في شرح غرر الاحكام,</subfield><subfield code="f">[1024ه, 1615م].</subfield></datafield><datafield tag="880" ind1="0" ind2=" "><subfield code="6">100-01/</subfield><subfield code="a">محمد بن مصطفى الوانى،</subfield><subfield code="c">وانقولى.</subfield></datafield><datafield tag="CID" ind1=" " ind2=" "><subfield code="a">006305637</subfield></datafield><datafield tag="DAT" ind1="0" ind2=" "><subfield code="a">20190719102634.0</subfield><subfield code="b">20190719000000.0</subfield></datafield><datafield tag="DAT" ind1="1" ind2=" "><subfield code="a">20190719090653.0</subfield><subfield code="b">2019-07-19T16:11:14Z</subfield></datafield><datafield tag="DAT" ind1="2" ind2=" "><subfield code="a">2015-10-02T18:00:03Z</subfield></datafield><datafield tag="CAT" ind1=" " ind2=" "><subfield code="a">SDR-MIU</subfield><subfield code="d">EX LIBRIS - ALEPH</subfield><subfield code="l">prepare.pl-004-008</subfield></datafield><datafield tag="FMT" ind1=" " ind2=" "><subfield code="a">BK</subfield></datafield><datafield tag="HOL" ind1=" " ind2=" "><subfield code="0">sdr-miu006305637</subfield><subfield code="a">MiU</subfield><subfield code="b">SDR</subfield><subfield code="c">MIU</subfield><subfield code="p">mdp.39015079124825</subfield><subfield code="s">MIU</subfield><subfield code="1">006305637</subfield></datafield><datafield tag="974" ind1=" " ind2=" "><subfield code="b">MIU</subfield><subfield code="c">MIU</subfield><subfield code="d">20190719</subfield><subfield code="s">lit-dlps-dc</subfield><subfield code="u">mdp.39015079124825</subfield><subfield code="y">1615</subfield><subfield code="r">pd</subfield><subfield code="q">bib</subfield><subfield code="t">non-US bib date1 &lt; 1879</subfield></datafield></record></collection>